<?xml version="1.0" encoding="UTF-8"?><collection xmlns="http://www.loc.gov/MARC21/slim"><record><leader>00449nam--2200181-u-4500</leader><controlfield tag="001">000055784</controlfield><controlfield tag="002">20161230</controlfield><controlfield tag="005">20161230201052</controlfield><controlfield tag="008">130418s1000------------r-----000-0-fre-d</controlfield><datafield ind1=" " ind2=" " tag="040"><subfield code="a">IFIN-HH</subfield></datafield><datafield ind1=" " ind2=" " tag="041"><subfield code="a">fre</subfield></datafield><datafield ind1=" " ind2=" " tag="080"><subfield code="a">5(091)(44)</subfield></datafield><datafield ind1="1" ind2=" " tag="110"><subfield code="a">Institut De France</subfield></datafield><datafield ind1="1" ind2="0" tag="245"><subfield code="a">Notices et discours</subfield><subfield code="b">Tome troisieme 1949-1956</subfield></datafield><datafield ind1=" " ind2=" " tag="260"><subfield code="a">Paris</subfield><subfield code="b">Gauthier-villars</subfield><subfield code="c">1957</subfield></datafield><datafield ind1=" " ind2=" " tag="300"><subfield code="a">731P</subfield></datafield><datafield ind1=" " ind2=" " tag="852"><subfield code="a">72067</subfield><subfield code="c">H.H</subfield></datafield><datafield ind1=" " ind2=" " tag="CAT"><subfield code="a">Sys</subfield><subfield code="c">20130418</subfield><subfield code="h">102511</subfield></datafield></record></collection>